<?xml version="1.0" encoding="UTF-8"?><collection xmlns="http://www.loc.gov/MARC21/slim"><record><leader>00419nam--2200133-i-4500</leader><controlfield tag="001">000041369</controlfield><controlfield tag="002">20161230</controlfield><controlfield tag="005">20161230201043</controlfield><controlfield tag="008">060222s1000------------r-----000-0-eng-d</controlfield><datafield ind1=" " ind2=" " tag="080"><subfield code="a">543.423</subfield></datafield><datafield ind1=" " ind2=" " tag="100"><subfield code="a">Seith, Wolfgang Und Ruthardt, Konrad</subfield></datafield><datafield ind1=" " ind2=" " tag="245"><subfield code="a">Chemische spektralanalyse eine anleitung zur ausfuhrung von spektralanalyse im chemischen laboratorium</subfield></datafield><datafield ind1=" " ind2=" " tag="260"><subfield code="a">Berlin, Springer-verlag, 1949, 173p</subfield></datafield><datafield ind1=" " ind2=" " tag="852"><subfield code="a">74111</subfield></datafield></record></collection>